00100000         2107765330001130028407700014       01639X0000000282413 CENTRO DE DANCA E MOVIMENTO SOBANCO DO BRASIL                         20603201702451600028603000000212589951PROCESSAMEN                                                 
00100011T0100020 20107765330001130028407700014       01639X0000000282413 CENTRO DE DANCA E MOVIMENTO SO                                                                                000000000603201700000000  000000000                      
0010001300001T 0201639X0000000282413 28407700000009752   70000009752     100320170000000000286000010002050000009752               0900000000000010000000000000000000000000000000000000000   0000000000000000000000000A9        170192840770     
0010001300002U 020000000000000000000000000000000000000000000000000000000000000000000000000000000000000000000000000000000000000000000000000603201700000000            000000000000000                              000                           
0010001300003T 0201639X0000000282413 28407700000009762   70000009762     100320170000000000286000010002050000009762               0900000000000010500000000000000000000000000000000000000   0000000000000000000000000A9A4      170192840770     
0010001300004U 020000000000000000000000000000000000000000000000000000000000000000000000000000000000000000000000000000000000000000000000000603201700000000            000000000000000                              000                           
0010001300005T 0601639X0000000282413 28407700000008357   70000008357     100320170000000000143000010582110000008357               0900000000000010000000000000000000000000000000000000000   000000000000000000000070000        170192840770     
0010001300006U 060000000000000000000000000000000000000000000000000000000000000000000000143000000000000136000000000000000000000000000000000603201707032017            000000000000000                              000                           
0010001300007T 0601639X0000000282413 28407700000008412   70000008412     160320170000000000286001040327300000008412               0900000000000010000000000000000000000000000000000000000   000000000000000000000070000        170192840770     
0010001300008U 060000000000000000000000000014300000000000000000000000000000000000000000271700000000000264700000000000000000000000000000000603201707032017            000000000000000                              000                           
0010001300009T 0601639X0000000282413 28407700000008522   70000008522     100320170000000000286001040173900000008522               0900000000000010000000000000000000000000000000000000000   000000000000000000000070000        170192840770     
0010001300010U 060000000000000000000000000014300000000000000000000000000000000000000000271700000000000264700000000000000000000000000000000603201707032017            000000000000000                              000                           
0010001300011T 0601639X0000000282413 28407700000008865   70000008865     100320170000000000286000010187830000008865               0900000000000010000000000000000000000000000000000000000   000000000000000000000070000        170192840770     
0010001300012U 060000000000000000000000000014300000000000000000000000000000000000000000271700000000000264700000000000000000000000000000000603201707032017            000000000000000                              000                           
0010001300013T 0601639X0000000282413 28407700000009144   70000009144     1003201700000000001430000101639X0000009144               0900000000000010000000000000000000000000000000000000000   000000000000000000000070000        170192840770     
0010001300014U 060000000000000000000000000000000000000000000000000000000000000000000000143000000000000136000000000000000000000000000000000603201707032017            000000000000000                              000                           
0010001300015T 1701639X0000000282413 28407700000009723   7               00000000000000000014300001018783                         0900000000000010000000000000000000000000000000000000000   000000000000000000000070003        170192840770     
0010001300016U 170000000000000000000000000015000000000000000000000000000000000000000000128000000000000121000000000000000000000000000000000603201707032017            000000000000000                              000                           
0010001300017T 0601639X0000000282413 28407700000009733   70000009733     100320170000000000286000010187830000009733               0900000000000010000000000000000000000000000000000000000   000000000000000000000070000        170192840770     
0010001300018U 060000000000000000000000000000000000000000000000000000000000000000000000286000000000000279000000000000000000000000000000000603201707032017            000000000000000                              000                           
00100015         000020000120000000000031897000000000000000000000000000000000000000000000000000000000000000000000000000000000000000000000000000000                                                                                              
00199999         000001000022000000                                                                                                                                                            00000000000000000000000000000                    
