00100000         2107765330001130016955930014       01639X0000000282413 CENTRO DE DANCA E MOVIMENTO SOBANCO DO BRASIL                         21603201701284600178503000000212589951PROCESSAMEN                                                 
00100011T0100020 20107765330001130016955930014       01639X0000000282413 CENTRO DE DANCA E MOVIMENTO SO                                                                                000000001603201700000000  000000000                      
00100015         000002000000000000000000000000000000000000000000000000000000000000000000000000000000000000000000000000000000000000000000000000000                                                                                              
00199999         000001000004000000                                                                                                                                                            00000000000000000000000000000                    
